% -------------------------------------------------------------------
% BIBLIOGRAFIA AMBIT ALIVE
% -------------------------------------------------------------------

@INPROCEEDINGS{ptGAs,
    author={Helmut A. Mayer},
    title={ptGA's, Genetic algorithms Using Promoter/Terminator Sequences
    Evolution of Number, Size and Location of Parameters and Parts of
    Representation},
    type="Unpublished Disertation",
    booktitle="Proceedings of the 1997 International Conference on Genetics Algorithms ICGA97",
    organization="Michigan State University",
    year="1997"
    }

@INPROCEEDINGS{RedundanciaRaich,
    author={Anne M. Raich, Jamshid Ghaboussi },
    title={Autogenesis and Redundancy in GA Representation},
    booktitle="Proceedings of the 1997 International Conference on Genetics Algorithms ICGA97",
    organization="Michigan State University",
    year="1997",
    }

@INPROCEEDINGS{IntronExonFoster,
    author={Terence Soule, James A. Foster},
    title={Comments on the intron/exon distinction as it relates to
    the genetic programming and biology},
    booktitle="Proceedings of the 1997 International Conference on Genetics Algorithms ICGA97",
    organization="Michigan State University",
    year="1997"
    }
@INPROCEEDINGS{VarLengthKargupta,
    author={Hillol Kargupta},
    title="Relation Learning in Gene Expression: Introns, Variable
    Length Representation, And All That",
    booktitle="Proceedings of the 1997 International Conference on Genetics Algorithms ICGA97",
    organization="Michigan State University",
    year="1997"
    }
@INPROCEEDINGS{ExponentialGrowIntrons,
    author="Wolfgang Banzhaf; Peter Nordin; Frank D. Francone",
    title="Why introns in genetic programming grow exponentially",
    booktitle="Proceedings of the 1997 International Conference on Genetics Algorithms ICGA97",
    organization="Michigan State University",
    year="1997"
    }

@TECHREPORT{GAvsES,
    author="Frank Hoffmeister, Thomas Back",
    title="Genetic Algortihms and Evolution Strategies: Similarities and Differences
    Technical Report SyS-91/2",
    institution="Systems Analysis Research Group, LSXI, Dept. of Computer Science",
    school="University of Dortmund",
    year="1991",
    }

@ARTICLE{RayThomas93,
    key={RayThomas93},
    author={Thomas S. Ray},
    title={Jugué a ser Dios y creé vida en mi computadora},
    journal={Epistemología e Informática},
    pages={257--267},
    address={San José, Costa Rica},
    editor={UNED},
    url={http://www.hip.atr.co.jp/~ray/pubs/spanish/spanish.html},
    year={1993}
    }

@PHDTHESIS{PERE96,
    key={PERE96},
    author={Anselmo Pérez Serrada},
    title={Una Introducción a la Computación Evolutiva},
    school={TODO: Investigar de que escuela es},
    year={1996},
    month={Marzo},
    }

@PHDTHESIS{Alive98,
    author={Jose Carlos González Cristóbal, Grupo G9},
    title={Vida artificial: análisis y simulación},
    year={1998},
    school={TODO: Investigar de que escuela es},
    }

@TECHREPORT{LEEPlasticity1994,
	number= "94-336",
	title= "Changing Latent Energy Enviroments: A Case for Evolution of Plasticity",
	author= "Filippo Menezer",
	institution= "Computer Science and Engineering Department",
	school=	"University of California, San Diego",
	address= "La Jolla, CA 92093-0114",
	year= 1994
	}
	
@TECHREPORT{LEEMature1995,
	number= "506",
	title= "Maturation and evolution of imitative learning in artificial organisms",
	author= "Filippo Menezer and R. K. Beleg and Federico Cecconi",
	institution= "Computer Science and Engineering Department",
	school=	"University of California, San Diego",
	address= "La Jolla, CA 92093-0114",
	year= 1995
	}

@INPROCEEDINGS{LEESensors1994,
	title= "Evolving Sensors in Environments of Controled Complexity",
	author= "Filippo Menezer and R. K. Beleg",
	group= "Cognitive Computer Science Research Group",
	booktitle= "Artificial Live IV",
	editor= "R. Brooks and P. Maes",
	publisher= "MIT Press",
	institution= "Computer Science and Engineering Department",
	school= "University of California, San Diego",
	address= "La Jolla, CA 92093-0114",
	year= 1994
	}

@TECHREPORT{LEEIntro1994,
	title={Latent Energy Enviroments},
	author={Filippo Menezer and R. K. Beleg},
	group={Cognitive Computer Science Research Group},
	institution= "Computer Science and Engineering Department",
	school=	"University of California, San Diego",
	address= "La Jolla, CA 92093-0114",
	year= 1995
	}

@TECHREPORT{LEETool1993,
	number= "93-301",
	title= "Latent Energy Enviroments: A Tool for Artificial Live Simulations",
	author= "Filippo Menezer and R. K. Beleg",
	institution= "Computer Science and Engineering Department",
	group= "Cognitive Computer Science Research Group",
	school=	"University of California, San Diego",
	address= "La Jolla, CA 92093-0114",
	year= 1993
	}

@Article{LEEComplex1996,
	title= {Complex Environments to Complex Behaviors},
	author= "Filippo Menezer and R. K. Beleg",
	journal= "Adaptive Behavior",
	volume= 4,
	number= "3/4",
	pages= "317-363",
	institution= "Computer Science and Engineering Department",
	school=	"University of California, San Diego",
	address= "La Jolla, CA 92093-0114",
	year= 1996
	}


