% ------------------------------------------------------------------------
% SAMPLE BIBLIOGRAPHY FILE
% ------------------------------------------------------------------------

@MISC{prime-number-theorem,
   author = "Charles Louis Xavier Joseph de la Vall{\'e}e Poussin",
   note = "A strong form of the prime number theorem, 19th century" }

% ------------------------------------------------------------------------

@BOOK{ElOrigenDeLasEspecies,
   author = "Charles Darwin",
   title= "The Origin of the Especies",
   publisher = "Guttemberg Project",
   year = 1859 }
% Version electronica

@BOOK{latex,
   author = "Leslie Lamport",
   title = "{\LaTeX:} {A} Document Preparation System",
   publisher = "Addison-Wesley",
   year = 1986,
   }

@BOOK{Pau86,
 author={Vern I. Paulsen},
 title={Completely bounded maps and dilations},
 series={Pitman Research Notes in Mathematics Series},
 volume={146},
 publisher={Longman Scientific \& Technical},
 address={Harlow UK},
 year={1986},
}

% ------------------------------------------------------------------------

@ARTICLE{Enf87,
 author={P. Enflo},
 title={On the invariant subspaces problem for {Banach} spaces},
 journal={Acta. Math.},
 note={Seminare Maurey-Schwartz (1975-1976)},
 volume={158},
 number={3},
 year={1987},
 pages={213-313},
}

@ARTICLE{Lom92,
 author={V. I. Lomonosov},
 title={On {Real} {Invariant} {Subspaces} of {Bounded} {Operators} with
       {Compact} {Imaginary} {Part}},
 journal={Proc. Amer. Math. Soc.},
 volume=115,
 number=3,
 month=jul,
 year=1992,
 pages="775-777",
}

% ------------------------------------------------------------------------

@MASTERSTHESIS{Sim90,
 author={A. Simoni\v{c}},
 title={Grupe Operatorjev s Pozitivnim Spektrom},
 school={Univerza v Ljubljani, FNT, Oddelek za Matematiko},
 year={1990},
}

@UNPUBLISHED{Sim91,
 author={A. Simoni\v{c}},
 title={Notes on {Subharmonic} {Functions}},
 note={Lecture Notes, Dalhousie University,
       Department of Mathematics, Statistics, \& Computing Science},
 year={1991},
}

@PHDTHESIS{Sim94,
 author={A. Simoni\v{c}},
 title={An {Extension} of {Lomonosov's} {Techniques} to {Non}-{Compact}
       {Operators}},
 school={Dalhousie University,
         Department of Mathematics, Statistics, \& Computing Science},
 year={1994},
}

% ------------------------------------------------------------------------
\bibitem{GeneticaStrickberger}
    M. STRICKBERGER: {\em Genética}, 3a Edició
    Ed. Omega, Barcelona.
\bibitem{DelGenAlOrganismo}
    G. MANGIAROTTI: {\em Del gen al organismo. Biologia General}
    Ed. Picin. Padova, Italia.

\section{Vida artificial}

\bibitem{ptGAs}
    HELMUT A. MAYER, {\em ptGA's, Genetic algorithms Using Promoter/Terminator Sequences
    Evolution of Number, Size and Location of Parameters and Parts of Representation}
\bibitem{RedundanciaRaich}
    RAICH/GHABOUSSI, Autogenesis and Redundancy in GA Representation
    (Abstacts ICGA97)
\bibitem{IntronExonFoster}
    TERENCE SOULE / JAMES A. FOSTER, {\em Comments on the intron/exon
    distinction as it relates to the genetic programming and biology}
    (Abstacts ICGA97)
\bibitem{VarLengthKargupta}
    HILLOL KARGUPTA, {\em Relation Learning in Gene Expression:
    Introns, Variable Legth Representation, And All That}
    (Abstacts ICGA97)
\bibitem{GAvsES}
    Frank Hoffmeister, Thomas Back.
    {\em Genetic Algortihms and Evolution Strategies: Similarities and Differences},
    Technical Report SyS-91/2,
    Systems Analysis Research Group, LSXI, Dept. of Computer Science,
    University of Dortmund.

@ARTICLE{RAY93,
    author={Thomas S. Ray},
    title{Jugué a ser Dios y creé vida en mi computadora},
    journal={Epistemología e Informática},
    pages={257--267},
    address={San José, Costa Rica},
    editor={UNED},
    url={http://www.hip.atr.co.jp/~ray/pubs/spanish/spanish.html}
    year={1993}
    }

@PHDTHESIS{PERE96,
    author={Anselmo Pérez Serrada},
    title={Una Introducción a la Computación Evolutiva},
    school={},
    year={1996}
    month={Marzo}
    }

@PHDTHESIS{Alive98,
    author={??},
    title={Vida artificial, analisis y simulación},
    year={1998}
    }



@PHDTHESIS{Sim94,
 author={A. Simoni\v{c}},
 title={An {Extension} of {Lomonosov's} {Techniques} to {Non}-{Compact}
       {Operators}},
 school={Dalhousie University,
         Department of Mathematics, Statistics, \& Computing Science},
 year={1994},
}
