% -------------------------------------------------------------------
% BIBLIOGRAFIA SOBRE BIOLOGIA
% -------------------------------------------------------------------

@BOOK{ElOrigenDeLasEspecies,
    author = "Charles Darwin",
    title= "The Origin of the Especies",
    publisher = "Guttemberg Project",
    year = 1859,
    howPublished = "Web",
    }

@BOOK{GeneticaStrickberger,
    author={M. Strickberger},
    title={Genética},
    edition={3},
    publisher={Ed. Omega},
    address={Barcelona},
    }

@BOOK{DelGenAlOrganismo,
    author={G. Mangiarotti},
    title={Del gen al organismo. Biologia General},
    publisher={Picin},
    address={Padova, Italia},
    }

% -------------------------------------------------------------------
% BIBLIOGRAFIA AMBIT ALIVE
% -------------------------------------------------------------------

@INPROCEEDINGS{ptGAs,
    author={Helmut A. Mayer},
    title={ptGA's, Genetic algorithms Using Promoter/Terminator Sequences
    Evolution of Number, Size and Location of Parameters and Parts of
    Representation},
    type="Unpublished Disertation",
    booktitle="Proceedings of the 1997 International Conference on Genetics Algorithms ICGA97",
    organization="Michigan State University",
    year="1997"
    }

@INPROCEEDINGS{RedundanciaRaich,
    author={Anne M. Raich, Jamshid Ghaboussi },
    title={Autogenesis and Redundancy in GA Representation},
    booktitle="Proceedings of the 1997 International Conference on Genetics Algorithms ICGA97",
    organization="Michigan State University",
    year="1997",
    }

@INPROCEEDINGS{IntronExonFoster,
    author={Terence Soule, James A. Foster},
    title={Comments on the intron/exon distinction as it relates to
    the genetic programming and biology},
    booktitle="Proceedings of the 1997 International Conference on Genetics Algorithms ICGA97",
    organization="Michigan State University",
    year="1997"
    }
@INPROCEEDINGS{VarLengthKargupta,
    author={Hillol Kargupta},
    title="Relation Learning in Gene Expression: Introns, Variable
    Length Representation, And All That",
    booktitle="Proceedings of the 1997 International Conference on Genetics Algorithms ICGA97",
    organization="Michigan State University",
    year="1997"
    }
@INPROCEEDINGS{ExponentialGrowIntrons,
    author="Wolfgang Banzhaf; Peter Nordin; Frank D. Francone",
    title="Why introns in genetic programming grow exponentially",
    booktitle="Proceedings of the 1997 International Conference on Genetics Algorithms ICGA97",
    organization="Michigan State University",
    year="1997"
    }

@TECHREPORT{GAvsES,
    author="Frank Hoffmeister, Thomas Back",
    title="Genetic Algortihms and Evolution Strategies: Similarities and Differences
    Technical Report SyS-91/2",
    institution="Systems Analysis Research Group, LSXI, Dept. of Computer Science",
    school="University of Dortmund",
    year="1991",
    }

@ARTICLE{RAY93,
    key={RAY93},
    author={Thomas S. Ray},
    title={Jugué a ser Dios y creé vida en mi computadora},
    journal={Epistemología e Informática},
    pages={257--267},
    address={San José, Costa Rica},
    editor={UNED},
    url={http://www.hip.atr.co.jp/~ray/pubs/spanish/spanish.html},
    year={1993}
    }

@PHDTHESIS{PERE96,
    key={PERE96},
    author={Anselmo Pérez Serrada},
    title={Una Introducción a la Computación Evolutiva},
    school={TODO: Investigar de que escuela es},
    year={1996},
    month={Marzo},
    }

@PHDTHESIS{Alive98,
    author={??},
    title={Vida artificial, analisis y simulación},
    year={1998},
    school="TODO: Investigar de que escuela es",
    }

% -------------------------------------------------------------------
% BIBLIOGRAFIA LaTeX
% -------------------------------------------------------------------

@BOOK{latex,
   author = "Leslie Lamport",
   title = "{\LaTeX:} {A} Document Preparation System",
   publisher = "Addison-Wesley",
   year = 1986,
   }
