% -------------------------------------------------------------------
% BIBLIOGRAFIA SOBRE BIOLOGIA
% -------------------------------------------------------------------

@BOOK{ElOrigenDeLasEspecies,
    author = "Charles Darwin",
    title= "The Origin of the Especies",
    publisher = "Guttemberg Project",
    year = 1859,
    howPublished = "Web",
    }

@BOOK{GeneticaStrickberger,
    author={M. Strickberger},
    title={Genética},
    edition={3},
    publisher={Ed. Omega},
    address={Barcelona},
    }

@BOOK{DelGenAlOrganismo,
    author={G. Mangiarotti},
    title={Del gen al organismo. Biologia General},
    publisher={Picin},
    address={Padova, Italia},
    }

@BOOK{Stearns1992,
    author = "S C Stearns",
    title= "The evolution of Life Histories",
    publisher = "Oxford University Press",
    address= "New York",
    pages= 20-38,
    year = 1992,
    }


