% -------------------------------------------------------------------
% BIBLIOGRAFIA LaTeX
% -------------------------------------------------------------------

@BOOK{latex,
   author = "Leslie Lamport",
   title = "{\LaTeX:} {A} Document Preparation System",
   publisher = "Addison-Wesley",
   year = 1986,
   }
