% -------------------------------------------------------------------
% BIBLIOGRAFIA Disseny orientat a objecte
% -------------------------------------------------------------------

@BOOK{c++,
   author = "Bjarne Stroustrup",
   title = "El C++, lenguaje de programacion",
   edition = "2",
   publisher = "Addison-Wesley",
   year = "1986",
   }

@BOOK{OOP,
   author = "Angel Morales Lozano, Francisco J. Segovia Pèrez",
   title = "Programacion orientada a objetos, aplicaciones con Smalltalk",
   publisher = "Paraninfo",
   address = "Madrid",
   year = "1986",
   }
